@BachelorThesis{Cerny:Znakove_sadi_v_typografickych_systemech,
author = "Černý, Martin",
title = "Znakové sady v~typografických systémech",
school = "Ústav informatiky PEF MENDELU",
address = "Brno",
year = "1999",
}

@MasterThesis{Jiricek:Zivy_font,
author = "Jiříček, Milan",
title = "Živý font",
school = "VUT FEKT v~Brně",
address = "Brno",
year = "2012",
}

@Book{Beran:Typograficky_manual,
author = "Beran, Vladimír",
title = "Typografický manuál",
publisher = "Kafka design",
year = "2012",
edition = "6",
adress = "Praha",
isbn = "978--80--260--7606--3",
}

@Book{Bringhurst:The_elements_of_typographic_style,
author = "Bringhurst, Robert",
title = "The elements of typographic style",
publisher = "Hartley {{\&}}~Marks",
year = "1996",
edition = "2", 
adress = "Vancouver",
isbn = "0--88179--133--4",
}

@Misc{Martinek:Latex,
author = "Martinek, David",
title = "\LaTeX ové speciality",
howpublished = "online",
revised = "Poslední modifikace 25. Února 2010",
cited = "!2016-04-16",
url = "http://www.fit.vutbr.cz/~martinek/latex/index.html",
}

@Misc{Burda:Texty_texen,
author = "Burda, Michal",
title = "TeXty TeXem",
howpublished = "online",
revised = "Poslední modifikace 7. Listopadu 2000",
cited = "!2016-04-16",
url = "https://www.root.cz/clanky/texty-texem-12/",
}

@Misc{Kerslager:Typograficka_pravidla,
author = "Kerslager, Milan",
title = "Typografická pravidla",
howpublished = "online",
revised = "Poslední modifikace 5. Prosince 2016",
cited = "!2016-04-16",
url = "https://www.pslib.cz/ke/Typografick{{\%}}C3{{\%}}A1{{\_}}pravidla", 
}

@Article{Warde:The_crystal_goblet,
author = "Warde, Beatrice",
title = "The crystal goblet, or printing should be invisible",
journal = "Baseline ",
year = "2016",
number = "1",
pages = "1--5",
issn = "0954-9226",
}

@Article{Licko:Discovery_by_design,
author = "Licko, Zuzana",
title = "Discovery by design",
journal = "Baseline ",
year = "2016",
number = "1",
pages = "19--22",
issn = "0954-9226",
}

@InProceedings{Syropulos:TeX_conference,
author = "Syropulos, Apostolos and Berry, Karl and others",
title = "Tex, XML, and Digital Typography",
booktitle = "International Conference on TeX, XML, and Digital Typography Held Jointly with the 25th Annual Meeting of the TeX User Group",
address = "Berlin",
publisher = "Springer--Verlag",
year = "2004",
isbn = "3--540--22801--2",
}
